<collection xmlns="http://www.loc.gov/MARC21/slim">
<record>
  <leader>02757nam0a2200445 i 450 </leader>
  <controlfield tag="001">IT\ICCU\CNCE\053047</controlfield>
  <controlfield tag="005">20160309000000.0</controlfield>
  <datafield tag="012" ind1=" " ind2=" ">
    <subfield code="a">l-m? qdi- acut auti (7) 1578 (A)</subfield>
    <subfield code="2">fei</subfield>
  </datafield>
  <datafield tag="100" ind1=" " ind2=" ">
    <subfield code="a">20020716d1578        0itac0103    ba</subfield>
  </datafield>
  <datafield tag="101" ind1=" " ind2=" ">
    <subfield code="a">LAT</subfield>
  </datafield>
  <datafield tag="102" ind1=" " ind2=" ">
    <subfield code="a">IT</subfield>
  </datafield>
  <datafield tag="200" ind1="1" ind2=" ">
    <subfield code="a">℗Philoponi seu Ioannis Grammatici ℗Luculentissimi commentarii in Aristotelis quinque de animalium generatione libros,  ̉Theodoro Gaza versos. Per Nicolaum Petrum Corcyraeum, accuratissime e Graeco in Latinum conuersi</subfield>
  </datafield>
  <datafield tag="210" ind1=" " ind2=" ">
    <subfield code="a">Venetiis</subfield>
    <subfield code="c">\Francesco Portonari!</subfield>
    <subfield code="d">1578</subfield>
    <subfield code="e">Venetijs</subfield>
    <subfield code="g">per Ioannem Antonium et Stephanum ac fratres de Sabio</subfield>
    <subfield code="h">1526 mense Octobris</subfield>
  </datafield>
  <datafield tag="215" ind1=" " ind2=" ">
    <subfield code="a">\4!, 107, \1! c.</subfield>
    <subfield code="d">fol</subfield>
  </datafield>
  <datafield tag="620" ind1=" " ind2=" ">
    <subfield code="a">IT</subfield>
    <subfield code="d">Venezia</subfield>
  </datafield>
  <datafield tag="700" ind1=" " ind2="0">
    <subfield code="a">Aristoteles</subfield>
    <subfield code="3">IT\ICCU\CNCA\000006</subfield>
  </datafield>
  <datafield tag="702" ind1=" " ind2="1">
    <subfield code="a">Gaza,</subfield>
    <subfield code="b">Theodorus</subfield>
    <subfield code="3">IT\ICCU\CNCA\000101</subfield>
  </datafield>
  <datafield tag="702" ind1=" " ind2="0">
    <subfield code="a">Ioannes</subfield>
    <subfield code="c"> : Philoponus</subfield>
    <subfield code="3">IT\ICCU\CNCA\008301</subfield>
  </datafield>
  <datafield tag="702" ind1=" " ind2="1">
    <subfield code="a">Petreius,</subfield>
    <subfield code="b">Nicolaus</subfield>
    <subfield code="3">IT\ICCU\CNCA\017801</subfield>
  </datafield>
  <datafield tag="712" ind1="0" ind2="0">
    <subfield code="a">Portonari, Francesco</subfield>
    <subfield code="3">IT\ICCU\CNCT\000772</subfield>
    <subfield code="4">650</subfield>
  </datafield>
  <datafield tag="712" ind1="0" ind2="0">
    <subfield code="a">Nicolini da Sabbio, Giovanni Antonio &amp; Nicolini da Sabbio, Stefano &amp; fratelli</subfield>
    <subfield code="3">IT\ICCU\CNCT\000767</subfield>
    <subfield code="4">650</subfield>
  </datafield>
  <datafield tag="790" ind1=" " ind2="0">
    <subfield code="a">Aristotele</subfield>
    <subfield code="3">IT\ICCU\CNCA\018928</subfield>
    <subfield code="z">Aristoteles</subfield>
  </datafield>
  <datafield tag="790" ind1=" " ind2="1">
    <subfield code="a">Gazes,</subfield>
    <subfield code="b">Theodoros</subfield>
    <subfield code="3">IT\ICCU\CNCA\008766</subfield>
    <subfield code="z">Gaza, Theodorus</subfield>
  </datafield>
  <datafield tag="790" ind1=" " ind2="1">
    <subfield code="a">Gaza,</subfield>
    <subfield code="b">Teodoro</subfield>
    <subfield code="3">IT\ICCU\CNCA\014082</subfield>
    <subfield code="z">Gaza, Theodorus</subfield>
  </datafield>
  <datafield tag="790" ind1=" " ind2="1">
    <subfield code="a">Filopono,</subfield>
    <subfield code="b">Giovanni</subfield>
    <subfield code="3">IT\ICCU\CNCA\014104</subfield>
    <subfield code="z">Ioannes : Philoponus</subfield>
  </datafield>
  <datafield tag="790" ind1=" " ind2="0">
    <subfield code="a">Ioannes</subfield>
    <subfield code="c"> : Alexandrinus</subfield>
    <subfield code="3">IT\ICCU\CNCA\014532</subfield>
    <subfield code="z">Ioannes : Philoponus</subfield>
  </datafield>
  <datafield tag="790" ind1=" " ind2="0">
    <subfield code="a">Johannes</subfield>
    <subfield code="c"> : Grammaticus</subfield>
    <subfield code="3">IT\ICCU\CNCA\015601</subfield>
    <subfield code="z">Ioannes : Philoponus</subfield>
  </datafield>
  <datafield tag="790" ind1=" " ind2="1">
    <subfield code="a">Petreo,</subfield>
    <subfield code="b"></subfield>
    <subfield code="3">IT\ICCU\CNCA\025577</subfield>
    <subfield code="z">Petreius, Nicolaus</subfield>
  </datafield>
  <datafield tag="790" ind1=" " ind2="1">
    <subfield code="a">Petrus,</subfield>
    <subfield code="b">Nicolas</subfield>
    <subfield code="3">IT\ICCU\CNCA\025578</subfield>
    <subfield code="z">Petreius, Nicolaus</subfield>
  </datafield>
  <datafield tag="791" ind1="0" ind2="0">
    <subfield code="a">Portinari, Francesco</subfield>
    <subfield code="3">IT\ICCU\CNCT\002534</subfield>
    <subfield code="z">Portonari, Francesco</subfield>
  </datafield>
  <datafield tag="791" ind1="0" ind2="0">
    <subfield code="a">Portonaris, Francesco</subfield>
    <subfield code="3">IT\ICCU\CNCT\005489</subfield>
    <subfield code="z">Portonari, Francesco</subfield>
  </datafield>
  <datafield tag="791" ind1="0" ind2="2">
    <subfield code="a">Francesco da Trino</subfield>
    <subfield code="3">IT\ICCU\CNCT\005490</subfield>
    <subfield code="z">Portonari, Francesco</subfield>
  </datafield>
  <datafield tag="791" ind1="0" ind2="0">
    <subfield code="a">Portonariis, Franciscus de</subfield>
    <subfield code="3">IT\ICCU\CNCT\005493</subfield>
    <subfield code="z">Portonari, Francesco</subfield>
  </datafield>
  <datafield tag="791" ind1="0" ind2="0">
    <subfield code="a">Portinarius, Franciscus</subfield>
    <subfield code="3">IT\ICCU\CNCT\005494</subfield>
    <subfield code="z">Portonari, Francesco</subfield>
  </datafield>
  <datafield tag="801" ind1=" " ind2="3">
    <subfield code="a">IT</subfield>
    <subfield code="b">ICCU</subfield>
    <subfield code="c">20201115</subfield>
  </datafield>
  <datafield tag="899" ind1=" " ind2=" ">
    <subfield code="a">Biblioteca universitaria Alessandrina. Roma</subfield>
    <subfield code="1">RM0280</subfield>
    <subfield code="2">RML 01</subfield>
  </datafield>
  <datafield tag="911" ind1=" " ind2=" ">
    <subfield code="a">Sul front.</subfield>
    <subfield code="9">IT\ICCU\CNCM\000863</subfield>
  </datafield>
  <datafield tag="911" ind1=" " ind2=" ">
    <subfield code="a">Sul coloph.</subfield>
    <subfield code="9">IT\ICCU\CNCM\000224</subfield>
  </datafield>
  <datafield tag="921" ind1=" " ind2=" ">
    <subfield code="a">IT\ICCU\CNCM\000863</subfield>
    <subfield code="b">Angelo tiene con una mano un tabernacolo, con l&apos;altra uno scudo con le iniziali FP. In cornice figurata</subfield>
    <subfield code="c">U13</subfield>
    <subfield code="d">Dimensioni: 6,7 x 9</subfield>
    <subfield code="f">ANGELO</subfield>
    <subfield code="f">FB</subfield>
    <subfield code="f">TABERNACOL</subfield>
    <subfield code="g">1559-1578</subfield>
  </datafield>
  <datafield tag="921" ind1=" " ind2=" ">
    <subfield code="a">IT\ICCU\CNCM\000224</subfield>
    <subfield code="b">Cavolo con un drago attorcigliato al gambo. Ai lati i nomi: Io. Ant. et fres de Sabio. In basso la scritta: brasica</subfield>
    <subfield code="c">K276</subfield>
    <subfield code="d">Dimensioni: 4,5 x 6,2; Inserita o no in un rettangolo come cornice</subfield>
    <subfield code="f">BRASICA</subfield>
    <subfield code="f">CAVOLO</subfield>
    <subfield code="f">SERPENTE</subfield>
    <subfield code="g">1521-1567</subfield>
  </datafield>
</record>
</collection>
